<record><leader>00000cas a22000007a 4500</leader><controlfield tag="001">35071080</controlfield><controlfield tag="008">960712d19501978sduwr ne      0    0eng d</controlfield><datafield ind1=" " ind2=" " tag="010"><subfield code="a">sn 96090208 </subfield></datafield><datafield ind1=" " ind2=" " tag="040"><subfield code="a">SXN</subfield><subfield code="b">eng</subfield><subfield code="c">SXN</subfield><subfield code="d">OCLCQ</subfield><subfield code="d">OCLCF</subfield><subfield code="d">OCLCO</subfield></datafield><datafield ind1="1" ind2=" " tag="029"><subfield code="a">AU@</subfield><subfield code="b">000012679720</subfield></datafield><datafield ind1=" " ind2=" " tag="042"><subfield code="a">msc</subfield></datafield><datafield ind1=" " ind2=" " tag="043"><subfield code="a">n-us-sd</subfield></datafield><datafield ind1="0" ind2=" " tag="130"><subfield code="a">Jones County tribune (Draper, S.D.)</subfield></datafield><datafield ind1="1" ind2="4" tag="245"><subfield code="a">The Jones County tribune.</subfield></datafield><datafield ind1=" " ind2=" " tag="260"><subfield code="a">Draper, Jones County, S.D. :</subfield><subfield code="b">Roland G. Eveleth and Orrin P. Lambert</subfield></datafield><datafield ind1=" " ind2=" " tag="300"><subfield code="a">v.</subfield></datafield><datafield ind1=" " ind2=" " tag="310"><subfield code="a">Weekly</subfield></datafield><datafield ind1="0" ind2=" " tag="362"><subfield code="a">Vol. 47, no. 20 (Feb. 9, 1950)-v. 72, no. 52 (Dec. 28, 1978).</subfield></datafield><datafield ind1=" " ind2=" " tag="500"><subfield code="a">Published in: Draper, 1950-Dec. 7, 1978; and in: Murdo, Dec. 14-28, 1978.</subfield></datafield><datafield ind1=" " ind2=" " tag="515"><subfield code="a">Vol. and issue numbering irregular.</subfield></datafield><datafield ind1=" " ind2=" " tag="530"><subfield code="a">Available on microfilm from: State Archives, South Dakota State Historical Society.</subfield></datafield><datafield ind1=" " ind2="0" tag="651"><subfield code="a">Draper (S.D.)</subfield><subfield code="v">Newspapers.</subfield></datafield><datafield ind1=" " ind2="0" tag="651"><subfield code="a">Murdo (S.D.)</subfield><subfield code="v">Newspapers.</subfield></datafield><datafield ind1=" " ind2="0" tag="651"><subfield code="a">Jones County (S.D.)</subfield><subfield code="v">Newspapers.</subfield></datafield><datafield ind1=" " ind2="7" tag="655"><subfield code="a">Newspapers.</subfield><subfield code="2">fast</subfield><subfield code="0">(OCoLC)fst01423814</subfield></datafield><datafield ind1=" " ind2="7" tag="651"><subfield code="a">South Dakota</subfield><subfield code="z">Draper.</subfield><subfield code="2">fast</subfield><subfield code="0">(OCoLC)fst01874033</subfield></datafield><datafield ind1=" " ind2="7" tag="651"><subfield code="a">South Dakota</subfield><subfield code="z">Jones County.</subfield><subfield code="2">fast</subfield><subfield code="0">(OCoLC)fst01215599</subfield></datafield><datafield ind1=" " ind2="7" tag="651"><subfield code="a">South Dakota</subfield><subfield code="z">Murdo.</subfield><subfield code="2">fast</subfield><subfield code="0">(OCoLC)fst01887670</subfield></datafield><datafield ind1=" " ind2=" " tag="752"><subfield code="a">United States</subfield><subfield code="b">South Dakota</subfield><subfield code="c">Jones</subfield><subfield code="d">Murdo.</subfield></datafield><datafield ind1=" " ind2=" " tag="752"><subfield code="a">United States</subfield><subfield code="b">South Dakota</subfield><subfield code="c">Jones</subfield><subfield code="d">Draper.</subfield></datafield><datafield ind1="0" ind2="0" tag="780"><subfield code="t">Draper tribune</subfield><subfield code="w">(DLC)sn 96090207</subfield></datafield></record>